@book{scheid2000rechnen,
  title = {Rechnen und Mathematik},
  author = {Scheid, H.},
  isbn = {9783411053469},
  series = {Duden Series},
  url = {https://books.google.de/books?id=AUvePQAACAAJ},
  year = {2000},
  publisher = {Dudenverl.}
}

@book{mlodinow2011wenn,
  title = {Wenn Gott w{\"u}rfelt: oder Wie der Zufall unser Leben bestimmt},
  author = {Mlodinow, L.},
  isbn = {9783644009516},
  url = {https://books.google.de/books?id=fcuKAgAAQBAJ},
  year = {2011},
  page = {96},
  publisher = {Rowohlt E-Book}
}

@book{mahoney1994mathematical,
  title = {The Mathematical Career of Pierre de Fermat, 1601-1665},
  author = {Mahoney, M.S.},
  isbn = {9780691036663},
  lccn = {94001553},
  series = {Princeton paperbacks},
  url = {https://books.google.de/books?id=iuM9DwAAQBAJ},
  year = {1994},
  publisher = {Princeton University Press}
}

@article{darmon,
  title = {Fermat's Last Theorem},
  author = {Henri Darmon and Fred Diamond and Richard Taylor},
  year = {1995},
  url = {https://www.intlpress.com/site/pub/files/_fulltext/journals/cdm/1995/1995/0001/CDM-1995-1995-0001-a001.pdf},
}

@book{burns2001scientific,
    title = {The Scientific Revolution: An Encyclopedia},
    author = {Burns, W.E. and Findlen, P.},
    isbn = {9780874368758},
    lccn = {20013382},
    series = {ABC-Clio's History of Science},
    url = {https://books.google.ca/books?id=59ITUOLbVkoC},
    year = {2001},
    publisher = {ABC-CLIO}
}

@article{streck,
    title = {The Fermat Problem},
    author = {Stefanie Streck},
    url = {https://pdfs.semanticscholar.org/0b82/e5d9f308d09b26834966bdb539806de8771f.pdf}
}

@online{whenWasFermatBorn,
    author = {Friedrich Katscher},
    title = {When Was Pierre de Fermat Born?},
    url  = {https://www.maa.org/press/periodicals/convergence/when-was-pierre-de-fermat-born},
    year = {2016},
    publisher = {European Mathematical Society},
    note = {(letzter Zugriff: 2020-01-06)}
}

@article{barnerNewspaper,
    author = {Friedrich Katscher},
    title = {EMS Newsletter December 2001},
    url  = {http://www.emis.de/newsletter/newsletter42.pdf},
    pages = {12-16},
    year = {2001},
    note = {(letzter Zugriff: 2020-01-06)}
}

@online{britannicaFermat,
    author = {Carl B. Boyer},
    title = {Pierre de Fermat},
    url  = {https://www.britannica.com/biography/Pierre-de-Fermat},
    year = {2019},
    publisher = {Encyclopædia Britannica, inc.},
    note = {(letzter Zugriff: 2020-01-06)}
}

@article{wilesFermat,
    author = {Andrew John Wiles},
    title = {Modular elliptic curves and Fermat's Last Theorem},
    url = {http://scienzamedia.uniroma2.it/~eal/Wiles-Fermat.pdf},
    year = {1995},
    note = {(letzter Zugriff: 2020-01-06)}
}

@online{famousScientistsFermat,
    author = {Famous Scientists},
    title = {Pierre de Fermat},
    year = {2014},
    url = {https://www.famousscientists.org/pierre-de-fermat/},
    note = {(letzter Zugriff: 2020-01-06)}
}

@misc{imgFermat,
    author = {unbek.},
    title = {Pierre de Fermat},
    url = {https://commons.wikimedia.org/wiki/File:Pierre_de_Fermat.jpg},
    note = {(letzter Zugriff: 2020-01-06)}
}

@article{fermatMinMax,
    author = {Pierre de Fermat},
    title = {Method for the Study of Maxima and Minima},
    year = {1629},
    url = {https://science.larouchepac.com/fermat/fermat-maxmin.pdf},
    note = {(letzter Zugriff: 2020-01-06)}
}

@article{fermatPascalProb,
    author = {Pierre de Fermat, Blaise Pascal},
    title = {Fermat and Pascal on probability},
    year = {1654-1660},
    url = {https://www.york.ac.uk/depts/maths/histstat/pascal.pdf},
    note = {(letzter Zugriff: 2020-01-06)}
}

@article{woodbury,
    author = {George Robert Woodbury},
    title = {The representation of a number by two or four squares},
    year = {2012},
    url = {https://math.uchicago.edu/~may/REU2012/REUPapers/Woodbury.pdf},
    pages = {2-4},
    note = {(letzter Zugriff: 2020-01-06)}
}

@article{zagier,
    author = {D. Zagier},
    title = {A One-Sentence Proof That Every Prime p congruent to 1 modulo 4 Is a Sum of Two Squares},
    url = {https://web.archive.org/web/20120205194801/http://www.math.unh.edu/~dvf/532/Zagier},
    year = {unbek.},
    note = {(letzter Zugriff: 2020-01-06, Jahr wird auf 2002 geschätzt)}
}

@online{wolframFlT,
    author = {Eric W. Weissstein},
    title = {Fermat's Little Theorem},
    publisher = {MathWorld -- A Wolfram Web Resource},
    url = {http://mathworld.wolfram.com/FermatsLittleTheorem.html},
    note = {(letzter Zugriff: 2020-01-06)}
}

@online{newYorkTimes,
    author = {Gina Kolata},
    title = {At Last, Shout of 'Eureka!' In Age-Old Math Mystery},
    publisher = {New York Times},
    url = {https://www.nytimes.com/1993/06/24/us/at-last-shout-of-eureka-in-age-old-math-mystery.html},
    year = {1993},
    month = {6},
    note = {(letzter Zugriff: 2020-01-06)}
}